@MISC{koma,
    author    		= "Markus Kohm",
    title     		= "KOMA-Script",
    howpublished	= "\url{http://texdoc.net/texmf-dist/doc/latex/koma-script/scrguide.pdf}",
	year      		= "2018"
}
@book{DNSSEC,
	author			= "Michael W Lucas",
	title			= "DNSSEC Mastery: Securing the Domain Name System with BIND",
	publisher		= "Tilted Windmill Press",
	year			= "2013"
}